@article{Martin,
	author = {Mart{\'i}n-Hern{\'a}ndez, E. and Sampat, A.M. and Zavala, V.M. and Mart{\'i}n, M.},
	title = {Optimal integrated facility for waste processing},
	journal = {Chemical Engineering Research and Design}, 
    volume  = 131,
    pages   = {160-182},
	year = {2018}
	}

@article{Policies,
  title={{Analysis of incentive policies for phosphorus recovery at livestock facilities in the Great Lakes area}},
  author={Mart{\'i}n-Hern{\'a}ndez, E. and Hu, Y. and Zavala, V.M. and Mart{\'i}n, M. and Ruiz-Mercado, G.J.},
  journal={Resources, Conservation \& Recycling},
  year={Under Review},
  publisher={Elsevier},
}
	
@article{Tool,
  title={A geospatial environmental and techno-economic framework for sustainable phosphorus management at livestock facilities },
  author={Mart{\'i}n-Hern{\'a}ndez, E. and Mart{\'i}n, M. and Ruiz-Mercado, G.J.},
  journal={Resources, Conservation \& Recycling},
  volume={175},
  pages={105843},
  year={2021},
  publisher={Elsevier},
}

@article{sampat2018technologies,
  title={Technologies and logistics for phosphorus recovery from livestock waste},
  author={Sampat, A.M. and Mart{\'i}n-Hern{\'a}ndez, E. and Mart{\'i}n, M. and Zavala, V.M.},
  journal={Clean Technologies and Environmental Policy},
  volume={20},
  number={7},
  pages={1563--1579},
  year={2018},
  publisher={Springer}
}

@article{martin2020model,
  title={Model-driven spatial evaluation of nutrient recovery from livestock leachate for struvite production},
  author={Mart{\'i}n-Hern{\'a}ndez, E. and Ruiz-Mercado, G.J. and Mart{\'i}n, M.},
  journal={Journal of Environmental Management},
  volume={271},
  pages={110967},
  year={2020},
  publisher={Elsevier}
}

@article{ramirez2020surrogate,
  title={Surrogate based optimization of a process of polycrystalline silicon production},
  author={Ram{\'i}rez-M{\'a}rquez, C. and Mart{\'i}n-Hern{\'a}ndez, E. and Mart{\'i}n, M and Segovia-Hern{\'a}ndez, J.G.},
  journal={Computers \& Chemical Engineering},
  pages={106870},
  year={2020},
  publisher={Elsevier}
}

@article{martin2020optimal,
  title={Optimal technology selection for the biogas upgrading to biomethane},
  author={Mart{\'i}n-Hern{\'a}ndez, E. and Guerras, L.S. and Mart{\'i}n, M.},
  journal={Journal of Cleaner Production},
  pages={122032},
  year={2020},
  publisher={Elsevier}
}

@article{ramirez2020optimal,
  title={Optimal Portfolio of Products in a Polycrystalline Silicon Refinery},
  author={Ram{\'i}rez-M{\'a}rquez, C. and Mart{\'i}n Hern{\'a}ndez, E. and Mart{\'i}n, M. and Segovia-Hernandez, J.G.},
  journal={Industrial \& Engineering Chemistry Research},
  year={2020},
  publisher={ACS Publications}
}

@article{Sampat,
	author = {Sampat, A.M. and Mart{\'i}n-Hern{\'a}ndez, E. and Mart{\'i}n, M. and Zavala, V.M.},
	title = {Optimization formulations for multi-product supply chain networks},
	journal = {Computers \& Chemical Engineering.}, 
    volume  = 104,
    pages   = {296-310},
	year = {2017},
	}
	
@article{mohammadi2021modeling,
  title={Modeling and Analysis of Organic Waste Management Systems in Centralized and Decentralized Supply Chains Using Generalized Disjunctive Programming},
  author={Mohammadi, M. and Mart{\'i}n Hern{\'a}ndez, E. and Mart{\'i}n, M. and Harjunkoski, I.},
  journal={Industrial \& Engineering Chemistry Research},
  volume={60},
  number={4},
  pages={1719--1745},
  year={2021},
  publisher={ACS Publications}
}

@article{enrique2020,
  title={Process design and scale up study for the production of polyol based biopolymer from sawdust. Chilean forestry industry as a case study},
  author={Rold{\'a}n-San Antonio, J.E. and Mart{\'i}n Hern{\'a}ndez, E. and Briones, R. and Mart{\'i}n, M.},
  journal={Sustainable Production and Consumption},
  volume  = 27,
  pages   = {462-470},
  year = {2021},
}

@incollection{martin2021logistics,
  title={A Logistics Analysis for Advancing Carbon and Nutrient Recovery from Organic Waste},
  author={Mart{\'i}n-Hern{\'a}ndez, E. and Sampat, A.M. and Martin, M. and Zavala, V.M. and Ruiz-Mercado, G.J.},
  booktitle={Advances in Carbon Management Technologies},
  pages={186--207},
  year={2021},
  publisher={CRC Press}
}

@incollection{edgarpythonchapter,
  author      = {Mart{\'i}n-Hern{\'a}ndez, E. and Mart{\'i}n, M.},
  title       = {{Python for Chemical Engineering}},
  editor      = {Mart{\'i}n, Mariano},
  booktitle   = {Introduction to Software for Chemical Engineers, Second Edition},
  publisher   = {CRC Press},
  year        = 2020,
  chapter     = 6,
}

@inproceedings{aichebiogas,
    author  = {Mart{\'i}n-Hern{\'a}ndez, E. and Guerras, L.S. and Mart{\'i}n, M.},
    title   = {{Superstructure Optimization Approach for the Optimization of Biogas Upgrading into Biomethane}},
    publisher = {{2019 American Institute of Chemical Engineers (AIChE) Annual Meeting, Orlando, Florida, Unites States}},
    year    = 2019
}

@inproceedings{aichetool,
    author  = {Mart{\'i}n-Hern{\'a}ndez, E. and Mart{\'i}n, M. and Ruiz-Mercado, G.J.},
    title   = {{A Decision-Making Tool for the Design and Evaluation of Waste Management Systems in Livestock Facilities}},
    publisher = {{2019 American Institute of Chemical Engineers (AIChE) Annual Meeting, Orlando, Florida, Unites States}},
    year    = 2019
}

@inproceedings{aichecasestudy,
    author  = {Mart{\'i}n-Hern{\'a}ndez, E. and Sampat, A.M. and Mart{\'i}n, M. and Zavala, V.M. and Ruiz-Mercado, G.J.},
    title   = {{Nutrient Pollution Prevention by Implementing Nutrient Recovery Technologies in Livestock Facilities}},
    publisher = {{2019 American Institute of Chemical Engineers (AIChE) Annual Meeting, Orlando, Florida, Unites States}},
    year    = 2019
}

@inproceedings{FOCAPD2019,
    author  = {Mart{\'i}n-Hern{\'a}ndez, E. and Ruiz-Mercado, G.J. and Mart{\'i}n, M.},
    title   = {{A Thermodynamic Feasibility Evaluation Model for the Efficient Struvite Production from Livestock Waste}},
    publisher = {{Computer Aided Chemical Engineering, 47, 445-450}},
    year    = 2019
}

@inproceedings{EIR2019,
    author  = {Mart{\'i}n-Hern{\'a}ndez, E. and Mart{\'i}n, M. and Ruiz-Mercado, G.J.},
    title   = {{Resilience of aquatic ecosystems in farming areas: Implementing nutrient recovery systems in concentrated animal feeding operations}},
    publisher = {{2019 Enterprise and Infrastructure Resilience Workshop, Cincinnati, Ohio, Unites States}},
    year    = 2019
}

@inproceedings{aicheApoorva2018,
    author  = {Sampat, A.S. and Mart{\'i}n-Hern{\'a}ndez, E. and Mart{\'i}n, M. and Zavala, V.M.},
    title   = {{Organic Waste Management: Modeling and Decision-Making Strategies}},
    publisher = {{2017 American Institute of Chemical Engineers (AIChE) Annual Meeting, Chicago, Illinois, Unites States}},
    year    = 2017
}
