@article{Ojeda,
	author = {Rodriguez Ojeda, L.},
	title = {Construcci{\'o}n de kernels y funciones de desndiad de probabilidad},
	journal = {Escuela Superior Politecnica del Litoral},
	year = {2014},
}

@article{Duong,
	author = {Duong, T.},
	title = {An introduction to kernel density estimation},
	journal = {University of Western Australia}, 
	year = {2001}, 
}


@article{Shashvatt,
	author = {Utsav Shashvatt and Josh Benoit and Hannah Aris and Lee Blaney},
	title = {CO2-assisted phosphorus extraction from poultry litter and selective recovery of struvite and potassium struvite},
	journal = {Wat. Res.}, 
    volume  = 143,
    pages   = {19 - 27},
	year = {2018}, 
}

@article{Alexander_2008,
author = {Alexander, Richard B. and Smith, Richard A. and Schwarz, Gregory E. and Boyer, Elizabeth W. and Nolan, Jacqueline V. and Brakebill, John W.},
title = {{Differences in Phosphorus and Nitrogen Delivery to The Gulf of Mexico from the Mississippi River Basin}},
journal = {Environmental Science \& Technology},
volume = {42},
number = {3},
pages = {822-830},
year = {2008},
doi = {10.1021/es0716103},
}

@incollection{RUTTENBERG2001401,
title = "Phosphorus Cycle*",
editor = "John H. Steele",
booktitle = "Encyclopedia of Ocean Sciences (Second Edition)",
publisher = "Academic Press",
edition = "Second Edition",
address = "Oxford",
pages = "401 - 412",
year = "2001",
isbn = "978-0-12-374473-9",
author = "K.C. Ruttenberg"
}

@article{muhmood2019formation,
  title={Formation of struvite from agricultural wastewaters and its reuse on farmlands: Status and hindrances to closing the nutrient loop},
  author={Muhmood, Atif and Lu, Jiaxin and Dong, Renjie and Wu, Shubiao},
  journal={Journal of environmental management},
  volume={230},
  pages={1--13},
  year={2019},
  publisher={Elsevier}
}


@article{Yan,
	author = {Hanlu Yan and Kaimin Shih},
	title = {Effects of calcium and ferric ions on struvite precipitation: A new assessment based on quantitative X-ray diffraction analysis},
	journal = {Wat. Res.}, 
    volume  = 95,
    pages   = {310-318},
	year = {2016}, 
}

@MastersThesis{Aristizabal,
	author     =     {Aristizabal, Rodrigo J.},
	title     =     {Estimating the Parameters of the Three-Parameter Lognormal Distribution},
	school     =     {Florida International University},
	year     =     {2012},
}

@incollection{mangin2004fluid,
  title={Fluid dynamic concepts for a phosphate precipitation reactor design},
  author={Mangin, D and Klein, JP},
  booktitle={Phosphorus in environmental technologies: Principles and applications},
  pages={358--401},
  year={2004},
  publisher={IWA Publishing London, UK}
}

@manual{scipy_lognorm,
	title        = {scipy.stats.lognorm},

	organization = {The SciPy community},
	edition      = {1.1.0},
	year         = 2018,
}

@article{Sampat,
	author = {Sampat, A.S. and Mart{\'i}n, E. and Mart{\'i}n, M. and Zavala, V.M.},
	title = {Optimization formulations for multi-product supply chain networks},
	journal = {Comput. Chem. Eng.}, 
    volume  = 104,
    pages   = {296-310},
	year = {2017},
	}
	
@article{Sampat2,
	author = {Sampat, A.S. and Ruiz-Mercado, G. J. and Zavala, V.M.},
	title = {Economic and Environmental Analysis for Advancing Sustainable Management of Livestock Waste: A Wisconsin Case Study.},
	journal = {ACS Sustain. Chem. Eng.}, 
    volume  = 6,
    number  = 5,
    pages   = {6018-6031},
	year = {2018},
	}
	
@article{Beaulieu,
	author = {Beaulieu, J.J. and DelSontro, T. and Downing, J.A.},
	title = {Eutrophication will increase methane emissions from lakes and impoundments during the 21st century},
	journal = {Nat. Commun.}, 
    volume  = 10,
    pages   = {1375},
	year = {2019},
	}
	
@article{gadekar2010validation,
  title={Validation and applications of a chemical equilibrium model for struvite precipitation},
  author={Gadekar, Sachin and Pullammanappallil, Pratap},
  journal={Environmental modeling \& assessment},
  volume={15},
  number={3},
  pages={201--209},
  year={2010},
}

	
@article{Dzombak,
	author = {Dzombak, D.A.},
	title = {Nutrient Control in Large-Scale U.S. Watershed. The Chesapeak Bay and Nothern Gulf of Mexico)},
	journal = {The Bridge}, 
    volume  = 41,
    number  = 4,
    pages   = {13-22},
	year = {2011},
	}
	
@article{Martin,
	author = {Mart{\'i}n-Hern{\'a}ndez, E. and Sampat, A.S. and Zavala, V.M. and Mart{\'i}n, M.},
	title = {Optimal integrated facility for waste processing},
	journal = {Chem. Eng. Res. Des.}, 
    volume  = 131,
    pages   = {160-182},
	year = {2018}
	}

@article{Alburquerque,
	author = {Alburquerque, J.A. and de la Fuente, C. and Bernal, M.P.},
	title = {Chemical properties of anaerobic digestates affecting C and N dynamics in amended soils},
	journal = {Agric. Ecosyst. Environ.}, 
    volume  = 160,
    pages   = {15-22},
	year = {2012}
	}
	
@article{Zeng,
	author = {Zeng, L. and Li, X.},
	title = {Nutrient removal from anaerobically digested cattle manure by struvite precipitation},
	journal = {J. Environ. Eng. Sci.}, 
    volume  = 5,
    pages   = {285-294},
	year = {2006}
	}
	
@article{Schuiling,
	author = {Schuiling, R.D. and Andrade, A.},
	title = {Recovery of struvite from calf manure},
	journal = {Environ. Technol.}, 
    volume  = 20,
    pages   = {765-768},
	year = {1999}
	}
	
@article{Fang,
	author = {Fang, C. and Zhang, T. and Czechowska-Kosacka, A. and Pawlowski, A. and ŁAgód, G. and Jiang, R. and Wang, Q.},
	title = {Estimation of phosphorus recovery by struvite crystallization from animal manure wastewater in China},
	journal = {Environ. Prot. Eng.}, 
	volume  = 41,
    number  = 4,
    pages   = {195-207},
	year = {2015}
	}
	
@article{Huchzermeier,
	author = {Huchzermeier, M. P. and Tao, W.},
	title = {Overcoming challenges to struvite recovery from anaerobically digested dairy manure},
	journal = {Water Environ. Res.}, 
	volume  = 84,
    number  = 1,
    pages   = {34-41},
	year = {2012}
	}
	
@article{Jia,
author = {Guangan Jia and Hu Zhang and Joerg Krampe and Tim Muster and Baoyu Gao and Nanwen Zhu and Bo Jin},
title = "Applying a chemical equilibrium model for optimizing struvite precipitation for ammonium recovery from anaerobic digester effluent",
journal = "J. Clean Prod.",
volume = "147",
pages = "297 - 305",
year = "2017",
%issn = "0959-6526",
%doi = "https://doi.org/10.1016/j.jclepro.2017.01.116",
%url = "http://www.sciencedirect.com/science/article/pii/S0959652617301312",
%keywords = "Visual MINTEQ model, Ammonium recovery, Struvite, Anaerobic digester effluent"
}

@article{Nelson,
author = {Nathan O. Nelson and Robert L. Mikkelsen and Dean L. Hesterberg},
title = "Struvite precipitation in anaerobic swine lagoon liquid: effect of pH and Mg:P ratio and determination of rate constant",
journal = "Bioresour. Technol.",
volume = "89",
number = "3",
pages = "229 - 236",
year = "2003",
%issn = "0960-8524",
%doi = "https://doi.org/10.1016/S0960-8524(03)00076-2",
%url = "http://www.sciencedirect.com/science/article/pii/S0960852403000762",
%keywords = "Magnesium–ammonium–phosphate, Struvite, Solubility curve, Animal waste treatment, Crystal growth, Phosphorus, Precipitation kinetics"
}

@article{Buchanan,
	author = {Buchanan, J. R. and Mote, C. R. and Robinson, R. B.},
	title = {Thermodynamics of struvite formation},
	journal = {Trans. ASAE}, 
	volume  = 37,
    number  = 2,
    pages   = {617-621},
	year = {1994}
	}
	
@article{Fattah,
author = {Fattah, K. P.  and  Mavinic, D. S.  and  Koch, F. A.  and Jacob, C. },
title = {Determining the feasibility of phosphorus recovery as struvite from filter press centrate in a secondary wastewater treatment plant},
journal = {J. Environ. Sci. Health Part A},
volume = {43},
number = {7},
pages = {756-764},
year  = {2008},
}
	
@article{Bolzonella,
	author = {Bolzonella, D. and Fatone, F. and Gottardo, M. and Frison, N.},
	title = {Nutrients recovery from anaerobic digestate of agro-waste: Techno-economic assessment of full scale applications},
	journal = {J. Environ. Manage.}, 
    volume  = 216,
    pages   = {111-119},
	year = {2018}
	}

@article{Seppala,
	author = {Sepp{\"a}l{\"a}, M. and Pyykk{\"o}nen, V. and V{\"a}is{\"a}nen, A. and Rintala, J.},
	title = {Biomethane production from maize and liquid cow manure - Effect of share of maize, post-methanation potential and digestate characteristics},
	journal = {Fuel}, 
    volume  = 107,
    pages   = {209-216},
	year = {2013}
	}
	
@article{Gell ,
	author = {Gell, K. and  van Groenigen, J. and Cayuela, M.L.},
	title = {Residues of bioenergy production chains as soil amendments: Immediate and temporal phytotoxicity},
	journal = {J. Hazard. Mater.}, 
    volume  = 186,
    pages   = {2017-2025},
	year = {2011}
	}
	
@article{Normak ,
	author = {Normak, A. and  Suurpere, J. and Orup{\~o}ld, K. and J{\~o}gi, E. and Kokin, E.},
	title = {Simulation of anaerobic digestion of cattle manure},
	journal = {Agronomy Research Biosystem Engineering Special Issue}, 
    volume  = 1,
    pages   = {167-174},
	year = {2012}
	}
	
@article{Sorensen,
	author = {S{\o}rensen, P. and  Mejnertsen, P. and M{\o}ller, H.B.},
	title = {Nitrogen fertilizer value of digestates from anaerobic digestion of animal manures and crops},
	journal = {NJF Report}, 
    volume  = 7,
    number  = 8,
    pages   = {42-44},
	year = {2011}
	}
	
@article{Tampere,
	author = {Tampere, M. and  Viiralt, R.},
	title = {The efficiency of biogas digestate on grassland compared to mineral fertilizer and cattle slurry},
	journal = {Research for Rural Development}, 
    volume  = 1,
    pages   = {89-94},
	year = {2014}
	}
	
@article{Moset,
	author = {Moset, V. and  Fontaine, D. and M{\o}ller, H.B.},
	title = {Co-digestion of cattle manure and grass harvested with different technologies. Effect on methane yield, digestate composition and energy balance},
	journal = {Energy}, 
    volume  = 141,
    pages   = {451-460},
	year = {2017}
	}
	
@article{Zheng,
	author = {Zheng, Y. and  Ke, L. and Xia, D. and Zheng, Y. and Wang, Y. and Li, H. and Li, Q.},
	title = {Enhancement of digestates dewaterability by CTAB combined with CFA pretreatment},
	journal = {Sep. Purif. Technol.}, 
    volume  = 163,
    pages   = {282-289},
	year = {2016}
	}
	
@article{Xia,
	author = {Xia, M. and  Tao, W. and Wang, Z. and Pei, Y.},
	title = {Treatment of anaerobically digested dairy manure in a two-stage biofiltration system},
	journal = {Water Sci. Technol.}, 
    volume  = 65,
    number  = 11,
    pages   = {1975-1981},
	year = {2012}
	}
	
@article{EnviroAtlas,
	author = {Pickard, B. R. and Daniel, J. and Mehaffey, M. and Jackson, L. E. and Neale, A. },
	title = { EnviroAtlas: A new geospatial tool to foster ecosystem services science and resource management},
	journal = {Ecosyst. Serv.}, 
    volume  = 14,
    pages   = {45-55},
	year = {2015}
	}
	
@article{TESmetric,
	author = {Bakshi, B.R. and  Ziv, G. and Lepech, M.D.},
	title = {Techno-ecological synergy: A framework for sustainable engineering.},
	journal = {Environ. Sci. Technol.}, 
    volume  = 49,
    number  = 3,
    pages   = {1752-1760},
	year = {2015}
	}
	
@article{Moller,
	author = {M{\"o}ller, K. and  M{\"u}ller, T.},
	title = {Effects of anaerobic digestion on digestate nutrient availability and crop growth: A review},
	journal = {Eng. Life Sci.}, 
    volume  = 12,
    number  = 3,
    pages   = {242-257},
	year = {2012}
	}
	
@article{Kadlec,
	author = {Kadlec, R.H.},
	title = {Large Constructed Wetlands for Phosphorus Control: A Review},
	journal = {Water}, 
    volume  = 8,
    pages   = {243},
	year = {2016}
	}
	
@techreport{WRAP,
    author = {Rigby, H. and Smith, S.R.},
    title = {New Markets for Digestate from Anaerobic Digestion},
    institution  = {WRAP (Waste and Resources Action Programme)},
    year         = 2011,
    }

@techreport{SPARROW_report_1999,
    author = {Smith, Richard A. and Alexander, Richard B.},
    title = {{Sources of Nutrients in the Nation’s Watersheds}},
    institution  = {{U. S. Geological Survey}},
    year         = 1999,
    }
    
@article{celen_using_2007,
	title = {Using a chemical equilibrium model to predict amendments required to precipitate phosphorus as struvite in liquid swine manure},
	volume = {41},
	number = {8},
	journal = {Water Research},
	author = {Celen, Ipek and Buchanan, John R. and Burns, Robert T. and Robinson, R. Bruce and Raman, D. Raj},
	year = {2007},
	pages = {1689 -- 1696}
}

@article{Harada,
    author = {Harada, H. and Shimizu, Y. and Miyagoshi, Y. and Matsui, S. and Matsuda, T. and Nagasaka, T.},
    title = "{Predicting struvite formation for phosphorus recovery from human urine using an equilibrium model}",
    journal = {Water Science and Technology},
    volume = {54},
    number = {8},
    pages = {247-255},
    year = {2006},
}

@article{ronteltap_struvite_2007,
	title = {Struvite precipitation thermodynamics in source-separated urine},
	volume = {41},
	number = {5},
	journal = {Water Research},
	author = {Ronteltap, Mariska and Maurer, Max and Gujer, Willi},
	year = {2007},
	pages = {977 -- 984}
}

@article{rahaman_modeling_2014,
	title = {Modeling phosphorus removal and recovery from anaerobic digester supernatant through struvite crystallization in a fluidized bed reactor},
	volume = {51},
	journal = {Water Research},
	author = {Rahaman, Md Saifur and Mavinic, Donald S. and Meikleham, Alexandra and Ellis, Naoko},
	year = {2014},
	pages = {1 -- 10}
}
    
@techreport{Robertson_1996,
    author = {Robertson, Dale M.},
    title = {Sources and Transport of Phosphorus in the Western Lake Michigan Drainages},
    institution  = {{US Geological Survey and US Department of the Interior}},
    year         = 1996,
    }
    
@techreport{USDACattle2020,
    author = {{US Department of Agriculture, National Agricultural Statistics Service}},
    title = {{Cattle (January 2020)}},
    institution  = {{USDA}},
    year         = 2020,
    }
    
@techreport{2017CensusofAgriculture,
    author = {{US Department of Agriculture}},
    title = {{2017 Census of Agriculture. United States. Summary and State Data}},
    institution  = {{USDA}},
    year         = 2019,
    }
    
@techreport{USDAWaste,
    author = {{US Department of Agriculture}},
    title = {{Waste Management Field Handbook}},
    institution  = {{USDA}},
    year         = 2009,
    }
    
@techreport{Kellog2000,
    author = {{US Department of Agriculture}},
    title = {{Manure Nutrients Relative to the Capacity of Cropland and Pastureland to Assimilate Nutrients}},
    institution  = {USDA},
    year         = 2000,
    }
    
@techreport{HUC8,
    author = {{US Geological Survey}},
    title = {{Federal Standards and Procedures for the National Watershaed Boundary Dataset (WBD)}},
    institution  = {USGS},
    year         = 2013,
    }
    
@techreport{NuGIS,
    author = {{International Plant Nutrition Institute}},
    title = {{A Nutrient Use Information System (NuGIS) for the US}},
    institution  = {IPNI},
    year         = 2012,
    }
    
@techreport{OSU2017,
    author = {{Ohio State University Extension}},
    title = {{Ohio Agronomy Guide, 15th Edition}},
    institution  = {Ohio State University Extension},
    year         = 2017,
    }
    
@techreport{OSU2005,
    author = {{Ohio State University Extension}},
    title = {{Ohio Agronomy Guide, 14th Edition}},
    institution  = {Ohio State University Extension},
    year         = 2005,
    }
    
@techreport{Richards,
    author = {I. R. Richards and A. E. Johnston},
    title = {The effectiveness of different precipitated phosphates as sources of phosphorus for plants},
    institution  = { CEEP, European Fertiliser Manufacturers Association, Anglian Water UK, Thames Water UK and Berlin Wasser Betriebe},
    year         = 2001,
    }
    
@techreport{ADAS,
    author = {Smith, K. and Grylls, J. and Metcalfe, P. and Jeffrey, B. and Sinclair, A.},
    title = {{Nutrient Value of Digestate from Farm-Based Biogas Plants in Scotland}},
    institution  = {Scottish Executive Environment and Rural Affairs Department},
    year         = 2007,
    }
    
@article{Risgberg,
	author = {Risgberg, K. and  Cederlund, H. and Pell, M. and Arthurson, V. and Schn{\"u}rer, A.},
	title = {Comparative characterization of digestate versus pig slurry and cow manure - Chemical composition and effects on soil microbial activity},
	journal = {Waste Manag.}, 
    volume  = 61,
    pages   = {529-538},
	year = {2017},
	}
	
@article{Ledda,
	author = {Ledda, C. and  Schievano, A. and Scaglia, B. and Rossoni, M. and Aci{\'e}n Fern{\'a}ndez F. G. and Adani, F.},
	title = {Integration of microalgae production with anaerobic digestion of dairy cattle manure: an overall mass and energy balance of the process},
	journal = {J. Clean. Prod.}, 
    volume  = 112,
    pages   = {103-112},
	year = {2016}
	}
	
@article{Kirchmann,
	author = {Kirchmann, H. and Witter, E.},
	title = {Composition of fresh, aerobic and anaerobic farm animal dungs},
	journal = {Bioresour. Technol.}, 
	volume = 40,
    number  = 2,
    pages   = {137-142},
	year = {1992}
	}
	
@article{Cordell,
	author = {Dana Cordell and Jan-Olof Drangert and Stuart White},
	title = {The story of phosphorus: Global food security and food for thought},
	journal = {Glob. Environ. Change.}, 
	volume = 19,
    number  = 2,
    pages   = {292 - 305},
	year = {2009}
	}
	
@article{hu_logistics_2019,
	title = {Logistics {Network} {Management} of {Livestock} {Waste} for {Spatiotemporal} {Control} of {Nutrient} {Pollution} in {Water} {Bodies}},
	volume = {7},
	doi = {10.1021/acssuschemeng.9b03920},
	number = {22},
	journal = {ACS Sustainable Chem. Eng.},
	author = {Hu, Yicheng and Sampat, Apoorva M. and Ruiz-Mercado, Gerardo J. and Zavala, Victor M.},
	year = {2019},
	pages = {18359--18374},
}
	
@article{Sampat3,
	author = {Sampat, A.M. and Hu, Y and Sharara, M and Aguirre-Villegas, H and Ruiz-Mercado, G.J. and Larson, R.A. and Zavala, V. M.},
	title = {Coordinated management of organic waste and derived products},
	journal = {Comput. Chem. Eng.}, 
	volume = 128,
    pages   = {352-363},
	year = {2019}
	}
	
@article{Sharara,
    title = "Spatially explicit methodology for coordinated manure management in shared watersheds",
    journal = "J. Environ. Manage.",
    volume = "192",
    pages = "48 - 56",
    year = "2017",
    author = "Mahmoud Sharara and Apoorva Sampat and Laura W. Good and Amanda S. Smith and Pamela Porter and Victor M. Zavala and Rebecca Larson and Troy Runge",
    }

@article{Moller2,
	author = {M{\"o}ller, K. and Stinner, W. and  Deuker, A. and Leithold, G.},
	title = {Effects of different manuring systems with and without biogas digestion on nitrogen cycle and crop yield in mixed organic dairy farming}, 
	journal = {Nutr. Cycl. Agroecosyst.},
	volume = {82},
    number  = {3},
    pages   = {209-232},
	year = {2008},
	}
	
@article{Walsh,
	author = {Walsh, J.J. and Jones, D.L. and Edwards-Jones, G. and Williams, A.P.},
	title = {Replacing inorganic fertilizer with anaerobic digestate may maintain agricultural productivity at less environmental cost}, 
	journal = {J. Plant. Nutr. Soil Sci.},
	volume = 175,
    number  = 6,
    pages   = {840-845},
	year = {2012},
	}
	
	
@techreport{Loes,
	author = {L{\o}es, A.K. and Pommeresche, R. and Khalil, R.},
	title = {Effects of marble application to manure and anaerobic digestates},
    institution  = {NORS{\O}K},
    year         = 2017,
    }
    
@techreport{Martin2,
	author = {Martin, J.H.},
	title = {A Comparison of Dairy Cattle Manure Management with and without Anaerobic Digestion and Biogas Utilization},
    institution  = {AgSTAR Program, U.S. Environmental Protection Agency},
    year         = 2003,
    }

@article{WolfGladrow,
	author = {Wolf-Gladrow, D.A. and Zeebe, R.E. and Klaas, C. and K{\"o}rtzinger, A. and Dickson, A.G.},
	title = {Total alkalinity: The explicit conservative expression and its application to biogeochemical processes}, 
	journal = {Mar. Chem.},
    volume  = 106,
    pages   = {287-300},
	year = {2007},
	}
	
@article{TaylorAW,
	author = {Taylor, A.W. and Frazier, A.W. and Gurneynium, E.L.},
	title = {Solubility products of magnesium ammonium and magnesium potassium phosphates}, 
	journal = {Trans. Faraday Soc.},
    volume  = 59,
    pages   = {1580-1584},
	year = {1963},
	}
	
@misc{ wiki:alkalinity,
    author = "{Wikipedia contributors}",
    title = "Alkalinity --- {Wikipedia}{,} The Free Encyclopedia",
    year = "2018",
    howpublished = "\url{https://en.wikipedia.org/w/index.php?title=Alkalinity&oldid=855472378}",
    note = "[Online; accessed 25-August-2018]"
  }
  
@article{Dickson,
	author = {Dickson, A.G.},
	title = {An exact definition of total alkalinity and a procedure for the estimation of alkalinity and total inorganic carbon from titration data}, 
	journal = { Deep-Sea Res.},
	volume = 28,
    number  = 6,
    pages   = {609-623},
	year = {1981},
	}
	
@book{GarciaSerrano,
	author = {Garc{\'i}a-Serrano, P. and Ruano, S. and Lucena, J.J. and Nogales, M.},
	title = {Guia pr{\'a}ctica de la fertilizaci{\'o}n racional de los cultivos en Espan\~{n}a},
	publisher = {MMAMRM. Spanish Goverment},
	year = {2009},
	isbn = {9788449109973}
	}
	
@book{Thomopoulos,
	author = {Thomopoulos, P.},
	title = {Essentials of Monte Carlo Simulation},
	publisher = {Springer, New York},
	year = {2012}
	}
	
@book{Metcalf,
	author = {Metcalf and Eddy },
	title = {Wastewater Engineering: Treatment and Resource Recovery},
	publisher = {McGraw-Hill, New York},
	year = {2014},
	isbn = {9780071122504}
	}
	
@book{Brezonik,
	author = {Brezonik, P. and Arnold, W.},
	title = {Water Chemistry An Introduction to the Chemistry of Natural and Engineered Aquatic Systems},
	publisher = {Oxford University Press},
	year = {2011},
	isbn = {9780199730728}
	}
	
@book{Skoog,
	author = {Skoog, D.A. and West, D.M. and Holler, F.J. and Crouch, S.R},
	title = {Fundamentals of analytical chemistry},
	publisher = {Cengage Learning},
	year = {2014},
	isbn = {9780495558286}
	}
	
@techreport{MacDonald,
    author = {MacDonald, J. and Ribaudo, M. and Livingston, M. and Beckman, J. and Huang, W.},
    title = {Manure Use for Fertilizer and for Energy},
    institution  = {Report to U.S. Congress},
    year         = 2009,
    }

@techreport{Census_US,
    institution = {US Department of Agriculture},
    title = {National Agricultural Statistics Service},
    year = {2018},
    institution  = {{USDA}},
    address = "\url{https://quickstats.nass.usda.gov/?source_desc=CENSUS}",
    note = "[Online; accessed 06-September-2018]"
  }

@techreport{Census_EU,
    institution = {Eurostat},
    title = {Agri-environmental indicator - livestock patterns},
    year = {2018},
    address = "\url{https://ec.europa.eu/eurostat/statistics-explained/index.php/Agri-environmental_indicator_-_livestock_patterns}",
    note = "[Online; accessed 06-September-2018]"
  }

@techreport{Census_China,
    institution = {National Bureau of Statistics of China},
    title = {China Statistical Yearbook 2017},
    year = {2018},
    address = "\url{http://www.stats.gov.cn/tjsj/ndsj/2017/indexeh.htm}",
    note = "[Online; accessed 06-September-2018]"
  }
  
@techreport{Census_Mexico,
    institution = {SAGARPA},
    title = {Encuesta Nacional Agropecuaria 2014},
    year = {2015},
  }
  
@techreport{Census_Uruguay,
    institution = {Ministerio de Ganader{\'i}a, Agricultura y Pesca},
    title = {Anuario Estad{\'i}stico Agropecuario 2018},
    year = {2018},
  }

@techreport{Census_India,
    institution = {Ministry of Agriculture. Department of Animal Husbandry, Dairyng and Fisheries},
    title = {19th Livestock Census-2012. All India Report},
    year = {2014},
  }
  
@techreport{Census_Brasil,
    institution = {Instituto Brasileiro de Geografia e Estat{\'i}stica},
    title = {Censo Agropecu{\'a}rio 2017},
    year = {2018},
    address = "\url{https://www.ibge.gov.br/estatisticas-novoportal/economicas/agricultura-e-pecuaria/21814-2017-censo-agropecuario.html?=&t=series-historicas}",
    note = "[Online; accessed 06-September-2018]"
  }
  
@article{Leon,
	author = {Le{\'o}n, E. and Mart{\'i}n, M.},
	title = {Optimal production of power in a combined cycle from manure based biogas}, 
	journal = {Energy Conv. Manage.},
    volume  = 114,
    pages   = {89-99},
	year = {2016},
	}
	
@article{Hernandez,
	author = {Hern{\'a}ndez, B. and Mart{\'i}n, M.},
	title = {Optimal process operation for biogas reforming to methanol: effects of dry reforming and biogas composition}, 
	journal = {Ind. Eng. Chem. Res.},
    volume  = 55,
    pages   = {6677-6685},
	year = {2016},
	}
	
@article{Tao,
	author = {Tao, W. and Fattah, K.P. and Huchzermeier, M.P.},
	title = {Struvite recovery from anaerobically digested dairy manure: A review of application potential and hindrances}, 
	journal = {J. Environ. Manage.},
    volume  = 169,
    pages   = {46-57},
	year = {2016},
	}

@article{Ohlinger,
	author = {Ohlinger, K. N. and Young, T.M. and Schroeder, E.D.},
	title = {Predicting struvite formation in digestion}, 
	journal = {Wat. Res.},
	volume =   32,
    number  = 12,
    pages   = {3607-3614},
	year = {1998},
	}
	
@article{Bates,
	author = {Bates, R. G. and Pinching, G.},
	title = {Acid dissociation constant of ammonium ion at 0-50 \textordmasculine {C}, and the base strength of ammonia},
	journal = {Journal of Research of the National Bureau of Standards},
	volume = 42,
    pages   = {419-430},
	year = {1949},
	}
	
@article{Morse,
	author = {Morse, John W. and Arvidson, Rolf S. and L\"uttge, Andreas},
	title = {Calcium Carbonate Formation and Dissolution},
	journal = {Chem. Rev.},
	volume = 107,
    pages   = {342-381},
	year = {2007},
	}
	
@article{Fowler,
	author = {Fowler, B.O. and Kuroda, S.},
	title = {Changes in heated and in laser-irradiated human tooth enamel and their probable effects on solubility},
	journal = {Calcif. Tissue. Int.},
	volume = 38,
    pages   = {197-208},
	year = {1986},
	}

@article{Gregory,
	author = {Gregory, T.M. and Moreno, E.C. and Brown, W.E.},
	title = {Solubility of $\text{CaHPO}_{4} \cdot 2\text{H}_{2}\text{O}$ in the system $\text{Ca(OH)}_{2}-\text{H}_{3}\text{PO}_{4}-\text{H}_{2}\text{O}$ at 5, 15, 25 and 37.5  \textordmasculine {C}},
	journal = {J. Res. Natl. Bur. Stand.},
	volume = 74,
    pages   = {461-475},
	year = {1970},
	}
	
@article{Taifouris,
	author = {Manuel R. Taifouris and Mariano Mart{\'i}n},
	title = {Multiscale scheme for the optimal use of residues for the production of biogas across Castile and Leon},
	journal = {J. Clean Prod.},
	volume = 185,
    pages   = {239-251},
	year = {2018},
	}
	
@article{Battistoni,
	author = {Battistoni, P. and De Angelis, A. and Pavan, P. and Prisciandaro, M. and Cecchi, F.},
	title = {Phosphorus removal from a real anaerobic supernatant by struvite crystallization},
	journal = {Wat. Res.},
	volume = 35,
    pages   = {2167-2178},
	year = {2001},
	}
	
@article{Shu,
	author = {Shu, L. and Schneider, P. and Jegatheesan, V. and Johnson, J.},
	title = {An economic evaluation of phosphorus recovery as struvite from digester supernatant},
	journal = {Bioresour. Technol.},
	volume = 97,
    pages   = {2211-2216},
	year = {2006},
	}
	
@article{Matynia,
	author = {Matynia, A. and Wierzbowska, B. and  Hutnik, N. and  Mazienczuk, A. and Kozik, A. and Piotrowski, K.},
	title = {Separation of struvite from mineral fertilizer industry wastewater},
	journal = {Procedia. Environ. Sci.},
	volume = 18,
    pages   = {766-775},
	year = {2013},
	}

@article{Jordaan,
	author = {Jordaan, E.M. and Ackerman, J. and  Cicek, N.},
	title = {Phosphorus removal from anaerobically digested swine wastewater through struvite precipitation},
	journal = {Water Sci. Technol.},
	volume = 61,
    number  = 12,
    pages   = {3228-3234},
	year = {2010},
	}

@article{DunningHuchetteLubin2017,
    author = {Iain Dunning and Joey Huchette and Miles Lubin},
    title = {JuMP: A Modeling Language for Mathematical Optimization},
    journal = {SIAM Review},
    volume = {59},
    number = {2},
    pages = {295-320},
    year = {2017},
    doi = {10.1137/15M1020575},
    }
    
@article{bezanson2017julia,
    title={Julia: A fresh approach to numerical computing},
    author={Bezanson, Jeff and Edelman, Alan and Karpinski, Stefan and Shah, Viral B},
    journal={SIAM review},
    volume={59},
    number={1},
    pages={65-98},
    year={2017},
    publisher={SIAM},
    }
    
@Techreport{Python, 
    title= {Python tutorial}, 
    author = {G. van Rossum}, 
    number={CS-R9526}, 
    institution= {Centrum voor Wiskunde en Informatica (CWI)}, 
    year= {1995}, 
    address={Amsterdam}, 
    month={May} }
    
 @Misc{Scipy,
    author =    {Eric Jones and Travis Oliphant and Pearu Peterson and others},
    title =     {{SciPy}: Open source scientific tools for {Python}},
    year =      {2001--},
    url = "http://www.scipy.org/",
    note = {[Online; accessed ]}
    } 
    
@article{Numpy,
    title={{The NumPy Array: A Structure for Efficient Numerical Computation}},
    author={van der Walt, S and Colbert, S.C. and Varoquaux, G.},
    journal={Comput Sci Eng},
    volume={13},
    pages={22-30},
    year={2011},
    }
    
@article{Matplotlib,
    title={{Matplotlib: A 2D Graphics Environment}},
    author={John D. Hunter},
    journal={Comput Sci Eng},
    volume={9},
    pages={90-95},
    year={2007},
    }
    
@article{Pandas,
    title={{Data Structures for Statistical Computing in Python}},
    author={John D. Hunter},
    journal={Proceedings of the 9th Python in Science Conference,},
    pages={51-56},
    year={2010},
    }
