@article{biraben1980essay,
  title={An essay concerning mankind's demographic evolution},
  author={Biraben, Jean No{\"e}l},
  journal={Journal of Human Evolution},
  volume={9},
  number={8},
  pages={655--663},
  year={1980},
  publisher={Elsevier}
}

@misc{UNPopulationProspects,
    author = {{United Nations, Department of Economic and Social Affairs}},
    title = {{World Population Prospects 2019}},
    howpublished = "\url{https://population.un.org/wpp/Graphs/Probabilistic/POP/TOT/900}",
    year = {2019},
    note = "[Online; accessed 22-August-2021]"
}

@book{constable2003century,
  title={{A century of innovation: Twenty engineering achievements that transformed our lives. Chapter 7,  Agricultural mechanization}},
  author={Constable, George and Somerville, Bob},
  year={2003},
  publisher={Joseph Henry Press}
}

@inbook{Samreen2019,
author = {Samreen, Sayma and Kausar, Sharba},
year = {2019},
pages = {},
title = {Phosphorus Fertilizer: The Original and Commercial Sources},
series    = {Phosphorus - Recovery and Recycling},
publisher={IntechOpen},
isbn = {978-1-83881-021-4},
doi = {10.5772/intechopen.82240}
}

@article{smil1999detonator,
  title={Detonator of the population explosion},
  author={Smil, Vaclav},
  journal={Nature},
  volume={400},
  number={6743},
  pages={415--415},
  year={1999},
  publisher={Nature Publishing Group}
}

@book{nierenberg2005happier,
  title={Happier meals: Rethinking the global meat industry},
  author={Nierenberg, Danielle and Mastny, Lisa},
  volume={171},
  year={2005},
  publisher={Worldwatch Institute}
}

@article{Bouwman2009,
author = {Bouwman, A. F. and Beusen, A. H. W. and Billen, G.},
title = {Human alteration of the global nitrogen and phosphorus soil balances for the period 1970â€“2050},
journal = {Global Biogeochemical Cycles},
volume = {23},
number = {4},
pages = {},
doi = {https://doi.org/10.1029/2009GB003576},
year = {2009}
}
