@book{WCED1987,
  title={Our Common Future},
  author={{World Commission on Environment and Development (WCED)}},
  year={1987},
  publisher={Oxford University Press}
}

@article{adamu2020process,
  title={Process intensification technologies for CO 2 capture and conversion--a review},
  author={Adamu, Abdullahi and Russo-Abeg{\~a}o, Fernando and Boodhoo, Kamelia},
  journal={BMC Chemical Engineering},
  volume={2},
  number={1},
  pages={1--18},
  year={2020},
  publisher={BioMed Central}
}

@article{adnan2019technologies,
  title={Technologies for biogas upgrading to biomethane: A review},
  author={Adnan, Amir Izzuddin and Ong, Mei Yin and Nomanbhay, Saifuddin and Chew, Kit Wayne and Show, Pau Loke},
  journal={Bioengineering},
  volume={6},
  number={4},
  pages={92},
  year={2019},
  publisher={Multidisciplinary Digital Publishing Institute}
}

@article{chen2015membrane,
  title={Membrane gas separation technologies for biogas upgrading},
  author={Chen, Xiao Yuan and Vinh-Thang, Hoang and Ramirez, Antonio Avalos and Rodrigue, Denis and Kaliaguine, Serge},
  journal={Rsc Advances},
  volume={5},
  number={31},
  pages={24399--24448},
  year={2015},
  publisher={Royal Society of Chemistry}
}

@article{de2016characterization,
  title={Characterization and optimal site matching of wind turbines: Effects on the economics of synthetic methane production},
  author={de la Cruz, Ver\'{o}nica and Mart\'{i}n, Mariano},
  journal={Journal of Cleaner Production},
  volume={133},
  pages={1302--1311},
  year={2016},
  publisher={Elsevier}
}

@article{collet2017techno,
  title={Techno-economic and Life Cycle Assessment of methane production via biogas upgrading and power to gas technology},
  author={Collet, Pierre and Flottes, Eglantine and Favre, Alain and Raynal, Ludovic and Pierre, H{\'e}l{\`e}ne and Capela, Sandra and Peregrina, Carlos},
  journal={Applied energy},
  volume={192},
  pages={282--295},
  year={2017},
  publisher={Elsevier}
}

@article{capra2018biogas,
  title={Biogas upgrading by amine scrubbing: solvent comparison between MDEA and MDEA/MEA blend},
  author={Capra, Federico and Fettarappa, Federico and Magli, Francesco and Gatti, Manuele and Martelli, Emanuele},
  journal={Energy Procedia},
  volume={148},
  pages={970--977},
  year={2018},
  publisher={Elsevier}
}

@article{curto2019renewable,
  title={Renewable based biogas upgrading},
  author={Curto, Diego and Mart\'{i}n, Mariano},
  journal={Journal of Cleaner Production},
  volume={224},
  pages={50--59},
  year={2019},
  publisher={Elsevier}
}

@article{davis2014optimala,
  title={Optimal year-round operation for methane production from CO2 and water using wind energy},
  author={Davis, William and Mart\'{i}n, Mariano},
  journal={Energy},
  volume={69},
  pages={497--505},
  year={2014},
  publisher={Elsevier}
}

@article{davis2014optimalb,
  title={Optimal year-round operation for methane production from CO2 and water using wind and/or solar energy},
  author={Davis, William and Mart\'{i}n, Mariano},
  journal={Journal of cleaner production},
  volume={80},
  pages={252--261},
  year={2014},
  publisher={Elsevier}
}

@incollection{filipetto2019optimization,
  title={Optimization of semi-permeable membrane systems for biogas upgrading},
  author={Filipetto, Diego and Capra, Federico and Magli, Francesco and Gatti, Manuele and Martelli, Emanuele},
  booktitle={Computer Aided Chemical Engineering},
  volume={46},
  pages={1693--1698},
  year={2019},
  publisher={Elsevier}
}

@article{deng2010techno,
  title={Techno-economic evaluation of biogas upgrading process using CO2 facilitated transport membrane},
  author={Deng, Liyuan and H\"{a}gg, May-Britt},
  journal={International Journal of Greenhouse Gas Control},
  volume={4},
  number={4},
  pages={638--646},
  year={2010},
  publisher={Elsevier}
}

@misc{EIAPipelines,
    author = {{U.S. Energy Information Administration (EIA)}},
    title = {{Natural gas pipelines}},
    year = "2019",
    howpublished = "\url{https://www.eia.gov/energyexplained/natural-gas/natural-gas-pipelines.php}",
    note = "[Online; accessed 29-April-2019]"
  }
  
@misc{EIAPrices,
    author = {{U.S. Energy Information Administration (EIA)}},
    title = {{Natural gas prices}},
    year = "2019",
    howpublished = "\url{https://www.eia.gov/dnav/ng/ng_pri_sum_dcu_nus_m.htm}",
    note = "[Online; accessed 29-April-2019]"
  }
  
@misc{Entsog,
    author = {{European network of transmission system operators for gas (Entosg)}},
    title = {{The European natural gas network}},
    year = "2015",
    howpublished = "\url{https://www.entsog.eu/sites/default/files/2018-10/ENTSOG_CAP_MAY2015_A0FORMAT.pdf}",
    note = "[Online; accessed 1-May-2019]"
  }

@techreport{EuropeanCommission4953_2_11768_1,
    author = {{European Commission-Directorate-General for Environment}},
    title = {{Properties of wastes relevant to agricultural benefit and environmental impact. Ref: CO 4953-2/11768-1}},
    year = {2001},
    institution={European Commission}
  }

@techreport{rohstoffe2010guia,
  title={Gu\'{i}a sobre el biog\'{a}s desde la producci\'{o}n hasta el uso},
  author={Rohstoffe eV, Fachagentur Nachwachsende},
  year={2010},
  institution={Ministerio Federal de Alimentaci\'{o}n, Agricultura y Protecci\'{o}n al Consumidor, Rep√∫blica Federal Alemana}
}

@article{fang2018life,
  title={Life cycle analysis of a combined CO2 capture and conversion membrane reactor},
  author={Fang, Jie and Jin, Xinfang and Huang, Kevin},
  journal={Journal of Membrane Science},
  volume={549},
  pages={142--150},
  year={2018},
  publisher={Elsevier}
}

@book{douglas1988conceptual,
  title={Conceptual design of chemical processes},
  author={Douglas, James Merrill},
  volume={1110},
  year={1988},
  publisher={McGraw-Hill New York}
}

@article{ferella2017separation,
  title={Separation of carbon dioxide for biogas upgrading to biomethane},
  author={Ferella, Francesco and Puca, Alessandro and Taglieri, Giuliana and Rossi, Leucio and Gallucci, Katia},
  journal={Journal of Cleaner Production},
  volume={164},
  pages={1205--1218},
  year={2017},
  publisher={Elsevier}
}

@article{ferella2019techno,
  title={A techno-economic assessment of biogas upgrading in a developed market},
  author={Ferella, Francesco and Cucchiella, Federica and D'Adamo, Idiano and Gallucci, Katia},
  journal={Journal of Cleaner Production},
  volume={210},
  pages={945--957},
  year={2019},
  publisher={Elsevier}
}

@article{toledo2017comparative,
  title={A comparative analysis of biogas upgrading technologies: Photosynthetic vs physical/chemical processes},
  author={Toledo-Cervantes, Alma and Estrada, Jos{\'e} M and Lebrero, Raquel and Mu{\~n}oz, Ra{\'u}l},
  journal={Algal research},
  volume={25},
  pages={237--243},
  year={2017},
  publisher={Elsevier}
}

@mastersthesis{FernandesRodriguesMsc,
  author  = {Fernandes Rodrigues, D.},
  title   = {Model Development of a Membrane Gas Permeation Unit for the Separation of Hydrogen and Carbon Dioxide},
  school  = {{Instituto Superior Tecnico, Lisbon}},
  year    = {2009}
}

@article{gassner2009integrated,
  title={Integrated design of a gas separation system for the upgrade of crude SNG with membranes},
  author={Gassner, Martin and Baciocchi, Renato and Mar\'{e}chal, Fran\c{c}ois and Mazzotti, Marco},
  journal={Chemical Engineering and Processing: Process Intensification},
  volume={48},
  number={9},
  pages={1391--1404},
  year={2009},
  publisher={Elsevier}
}

@article{gilassi2019optimizing,
  title={Optimizing membrane module for biogas separation},
  author={Gilassi, Sina and Taghavi, Seyed Mohammad and Rodrigue, Denis and Kaliaguine, Serge},
  journal={International Journal of Greenhouse Gas Control},
  volume={83},
  pages={195--207},
  year={2019},
  publisher={Elsevier}
}

@article{awe2017review,
  title={A review of biogas utilisation, purification and upgrading technologies},
  author={Awe, Olumide Wesley and Zhao, Yaqian and Nzihou, Ange and Minh, Doan Pham and Lyczko, Nathalie},
  journal={Waste and Biomass Valorization},
  volume={8},
  number={2},
  pages={267--283},
  year={2017},
  publisher={Springer}
}

@article{almena2016technoeconomic,
  title={Technoeconomic analysis of the production of epichlorohydrin from glycerol},
  author={Almena, Alberto and Mart\'{i}n, Mariano},
  journal={Industrial \& Engineering Chemistry Research},
  volume={55},
  number={12},
  pages={3226--3238},
  year={2016},
  publisher={ACS Publications}
}

@article{giordano2018life,
  title={Life cycle assessment of post-combustion CO2 capture: A comparison between membrane separation and chemical absorption processes},
  author={Giordano, Lorena and Roizard, Denis and Favre, Eric},
  journal={International Journal of Greenhouse Gas Control},
  volume={68},
  pages={146--163},
  year={2018},
  publisher={Elsevier}
}

@techreport{2004gpsa,
  title={GPSA engineering data book, 12th ed.},
  author={{GPSA}},
  institution={{Gas Processors Suppliers Association}},
  year={2004}
}

@techreport{bauer2013biogas,
  title={Biogas upgrading-Review of commercial technologies},
  author={Bauer, Fredric and Hulteberg, Christian and Persson, Tobias and Tamm, Daniel},
  institution={Svenskt Gastekniskt Center AB},
  year={2013}
}

@techreport{2012gpsa,
  title={{GPSA engineering data book, 13th ed.}},
  author={{GPSA}},
  institution={{Gas Processors Suppliers Association}},
  year={2012}
}

@article{hasan2012modelinga,
  title={Modeling, simulation, and optimization of postcombustion CO2 capture for variable feed concentration and flow rate. 1. Chemical absorption and membrane processes},
  author={Hasan, MM Faruque and Baliban, Richard C and Elia, Josephine A and Floudas, Christodoulos A},
  journal={Industrial \& Engineering Chemistry Research},
  volume={51},
  number={48},
  pages={15642--15664},
  year={2012},
  publisher={ACS Publications}
}

@article{hasan2012modelingb,
  title={Modeling, simulation, and optimization of postcombustion CO2 capture for variable feed concentration and flow rate. 2. Pressure swing adsorption and vacuum swing adsorption processes},
  author={Hasan, MM Faruque and Baliban, Richard C and Elia, Josephine A and Floudas, Christodoulos A},
  journal={Industrial \& engineering chemistry research},
  volume={51},
  number={48},
  pages={15665--15682},
  year={2012},
  publisher={ACS Publications}
}

@article{hauchhum2014carbon,
  title={Carbon dioxide adsorption on zeolites and activated carbon by pressure swing adsorption in a fixed bed},
  author={Hauchhum, Lalhmingsanga and Mahanta, Pinakeswar},
  journal={International Journal of Energy and Environmental Engineering},
  volume={5},
  number={4},
  pages={349--356},
  year={2014},
  publisher={Springer}
}

@techreport{DanishEnvironmentalProtectionAgency2018,
  title={{Co-digestion of animal manure and organic household waste - the Danish experience}},
  author={Jepsen, S.E.},
  institution={Danish Environmental Protection Agency},
  year={2018}
}

@article{kim2017optimization,
  title={Optimization-based approach for design and integration of carbon dioxide separation processes using membrane technology},
  author={Kim, Minsoo and Kim, Sunghoon and Kim, Jiyong},
  journal={Energy Procedia},
  volume={136},
  pages={336--341},
  year={2017},
  publisher={Elsevier}
}

@article{klemevs2007techno,
  title={Techno-economic modelling and cost functions of CO2 capture processes},
  author={Kleme\v{s}, Ji\v{r}\'{i} and Bulatov, Igor and Cockerill, Tim},
  journal={Computers \& chemical engineering},
  volume={31},
  number={5-6},
  pages={445--455},
  year={2007},
  publisher={Elsevier}
}

@article{korhonen2018circular,
  title={Circular economy: the concept and its limitations},
  author={Korhonen, Jouni and Honkasalo, Antero and Sepp\"{a}l\"{a}, Jyri},
  journal={Ecological economics},
  volume={143},
  pages={37--46},
  year={2018},
  publisher={Elsevier}
}

@article{lee2013comparisons,
  title={Comparisons of amine solvents for post-combustion CO2 capture: A multi-objective analysis approach},
  author={Lee, Anita S and Eslick, John C and Miller, David C and Kitchin, John R},
  journal={International Journal of Greenhouse Gas Control},
  volume={18},
  pages={68--74},
  year={2013},
  publisher={Elsevier}
}

@article{sun2015selection,
  title={Selection of appropriate biogas upgrading technology-a review of biogas cleaning, upgrading and utilisation},
  author={Sun, Qie and Li, Hailong and Yan, Jinying and Liu, Longcheng and Yu, Zhixin and Yu, Xinhai},
  journal={Renewable and Sustainable Energy Reviews},
  volume={51},
  pages={521--532},
  year={2015},
  publisher={Elsevier}
}

@article{zhou2017alternative,
  title={Alternative materials in technologies for Biogas upgrading via CO2 capture},
  author={Zhou, Kui and Chaemchuen, Somboon and Verpoort, Francis},
  journal={Renewable and sustainable energy reviews},
  volume={79},
  pages={1414--1441},
  year={2017},
  publisher={Elsevier}
}

@article{leon2016optimal,
  title={Optimal production of power in a combined cycle from manure based biogas},
  author={Le\'{o}n, Erick and Mart\'{i}n, Mariano},
  journal={Energy Conversion and Management},
  volume={114},
  pages={89--99},
  year={2016},
  publisher={Elsevier}
}

@article{macdowell2010overview,
  title={An overview of CO\textsubscript{2} capture technologies},
  author={MacDowell, Niall and Florin, Nick and Buchard, Antoine and Hallett, Jason and Galindo, Amparo and Jackson, George and Adjiman, Claire S and Williams, Charlotte K and Shah, Nilay and Fennell, Paul},
  journal={Energy \& Environmental Science},
  volume={3},
  number={11},
  pages={1645--1669},
  year={2010},
  publisher={Royal Society of Chemistry}
}

@article{makaruk2010membrane,
  title={Membrane biogas upgrading processes for the production of natural gas substitute},
  author={Makaruk, Aleksander and Miltner, Martin and Harasek, Michael},
  journal={Separation and Purification Technology},
  volume={74},
  number={1},
  pages={83--92},
  year={2010},
  publisher={Elsevier}
}

@article{miltner2017review,
  title={Review on available biogas upgrading technologies and innovations towards advanced solutions},
  author={Miltner, Martin and Makaruk, Alexander and Harasek, Michael},
  journal={Journal of Cleaner Production},
  volume={161},
  pages={1329--1337},
  year={2017},
  publisher={Elsevier}
}

@article{molino2013biogas,
  title={Biogas upgrading via membrane process: modelling of pilot plant scale and the end uses for the grid injection},
  author={Molino, A and Migliori, M and Ding, Y and Bikson, B and Giordano, G and Braccio, G},
  journal={Fuel},
  volume={107},
  pages={585--592},
  year={2013},
  publisher={Elsevier}
}

@book{Moran2003,
  title={Fundamentals of Engineering Thermodynamics},
  author={Moran, M.J. and Shapiro, H.N.},
  edition={5},
  year={2003},
  publisher={Wiley}
}

@article{morero2017evaluation,
  title={Evaluation of biogas upgrading technologies using a response surface methodology for process simulation},
  author={Morero, Betzabet and Groppelli, Eduardo S and Campanella, Enrique A},
  journal={Journal of cleaner production},
  volume={141},
  pages={978--988},
  year={2017},
  publisher={Elsevier}
}

@article{movagharnejad2011simulation,
  title={Simulation of CO2 capture process},
  author={Movagharnejad, K and Akbari, M},
  journal={International Journal of Chemical and Molecular Engineering},
  volume={5},
  number={10},
  pages={843--847},
  year={2011}
}

@techreport{Nexant2006,
  title={Equipment Design and Cost Estimation for Small Modular Biomass Systems, Synthesis Gas Cleanup, and Oxygen Separation Equipment. Task 2: Gas Cleanup Design and Cost Estimates ‚Äì Black Liquor Gasification},
  author={Nexant Inc.},
  institution={{National Renewable Energy Laboratory (NREL)}},
  year={2006}
}

@article{nuchitprasittichai2013optimization,
  title={Optimization of CO\textsubscript{2} Capture Process with Aqueous Amines: A Comparison of Two Simulation--Optimization Approaches},
  author={Nuchitprasittichai, Aroonsri and Cremaschi, Selen},
  journal={Industrial \& Engineering Chemistry Research},
  volume={52},
  number={30},
  pages={10236--10243},
  year={2013},
  publisher={ACS Publications}
}

@article{Pellegrini2015,
    author={Pellegrini,L. A. and De Guido,G. and Consonni,S. and Bortoluzzib,G. and Gatti,M.},
    year={2015},
    title={From biogas to biomethane: How the biogas source influences the purification costs},
    journal={Chemical Engineering Transactions},
    volume={43},
    pages={409-414},
}

@article{pellegrini2018biogas,
  title={Biogas to liquefied biomethane via cryogenic upgrading technologies},
  author={Pellegrini, Laura Annamaria and De Guido, Giorgia and Lang\'{e}, Stefano},
  journal={Renewable Energy},
  volume={124},
  pages={75--83},
  year={2018},
  publisher={Elsevier}
}

@article{perez2019superstructure,
  title={Superstructure approach for the design of renewable-based utility plants},
  author={P\'{e}rez-Uresti, Salvador I. and Mart\'{i}n, Mariano and Jim\'{e}nez-Guti\'{e}rrez, Arturo},
  journal={Computers \& Chemical Engineering},
  volume={123},
  pages={371--388},
  year={2019},
  publisher={Elsevier}
}

@article{khan2017biogas,
  title={Biogas as a renewable energy fuel--A review of biogas upgrading, utilisation and storage},
  author={Khan, Imran Ullah and Othman, Mohd Hafiz Dzarfan and Hashim, Haslenda and Matsuura, Takeshi and Ismail, AF and Rezaei-DashtArzhandi, M and Azelee, I Wan},
  journal={Energy Conversion and Management},
  volume={150},
  pages={277--294},
  year={2017},
  publisher={Elsevier}
}

@article{qyyum2020biogas,
  title={Biogas to liquefied biomethane: Assessment of 3P's--Production, processing, and prospects},
  author={Qyyum, Muhammad Abdul and Haider, Junaid and Qadeer, Kinza and Valentina, Valentina and Khan, Amin and Yasin, Muhammad and Aslam, Muhammad and De Guido, Giorgia and Pellegrini, Laura A and Lee, Moonyong},
  journal={Renewable and Sustainable Energy Reviews},
  volume={119},
  pages={109561},
  year={2020},
  publisher={Elsevier}
}

@article{reddy2016investigation,
  title={Investigation of performance and emission characteristics of a biogas fuelled electric generator integrated with solar concentrated photovoltaic system},
  author={Reddy, KS and Aravindhan, S and Mallick, Tapas K},
  journal={Renewable Energy},
  volume={92},
  pages={233--243},
  year={2016},
  publisher={Elsevier}
}

@article{santos2011pressure,
  title={Pressure swing adsorption for biogas upgrading. Effect of recycling streams in pressure swing adsorption design},
  author={Santos, M\'{o}nica PS and Grande, Carlos A and Rodrigues, AliÃÅrio E},
  journal={Industrial \& engineering chemistry research},
  volume={50},
  number={2},
  pages={974--985},
  year={2011},
  publisher={ACS Publications}
}

@article{scholz2015structural,
  title={Structural optimization of membrane-based biogas upgrading processes},
  author={Scholz, Marco and Alders, Michael and Lohaus, Theresa and Wessling, Matthias},
  journal={Journal of membrane science},
  volume={474},
  pages={1--10},
  year={2015},
  publisher={Elsevier}
}

@book{towler2009chemical,
  title={Chemical engineering design},
  author={Towler, Gavin and Sinnott, Ray},
  edition={5},
  year={2009},
  publisher={Elsevier}
}

@article{somehsaraei2014performance,
  title={Performance analysis of a biogas-fueled micro gas turbine using a validated thermodynamic model},
  author={Somehsaraei, Homam Nikpey and Majoumerd, Mohammad Mansouri and Breuhaus, Peter and Assadi, Mohsen},
  journal={Applied thermal engineering},
  volume={66},
  number={1-2},
  pages={181--190},
  year={2014},
  publisher={Elsevier}
}

@misc{SpanishMinistryofIndustry,
    author = {{Spanish Ministry of Industry, Energy and Tourism}},
    title = {{21 December 2012 from the General Directorate of Mines and Energy Policy [In Spanish]. Bolet√≠n Oficial del Estado, Sec. I. Pag. 889.}},
    year = "2013"
  }

@article{stangeland2017co2,
  title={CO2 methanation: the effect of catalysts and reaction conditions},
  author={Stangeland, Kristian and Kalai, Dori and Li, Hailong and Yu, Zhixin},
  journal={Energy Procedia},
  volume={105},
  pages={2022--2027},
  year={2017},
  publisher={Elsevier}
}

@article{taifouris2018multiscale,
  title={Multiscale scheme for the optimal use of residues for the production of biogas across Castile and Leon},
  author={Taifouris, Manuel R and Martin, Mariano},
  journal={Journal of cleaner production},
  volume={185},
  pages={239--251},
  year={2018},
  publisher={Elsevier}
}

@article{martin2011energy,
  title={Energy optimization of hydrogen production from lignocellulosic biomass},
  author={Mart\'{i}n, Mariano and Grossmann, Ignacio E},
  journal={Computers \& chemical engineering},
  volume={35},
  number={9},
  pages={1798--1806},
  year={2011},
  publisher={Elsevier}
}

@article{sanchez2018scale,
  title={Scale up and scale down issues of renewable ammonia plants: Towards modular design},
  author={S{\'a}nchez, Antonio and Mart\'{i}n, Mariano},
  journal={Sustainable Production and Consumption},
  volume={16},
  pages={176--192},
  year={2018},
  publisher={Elsevier}
}

@article{trespalacios2014review,
  title={Review of mixed-integer nonlinear and generalized disjunctive programming methods},
  author={Trespalacios, Francisco and Grossmann, Ignacio E},
  journal={Chemie Ingenieur Technik},
  volume={86},
  number={7},
  pages={991--1012},
  year={2014},
  publisher={Wiley Online Library}
}

@article{angelidaki2018biogas,
  title={Biogas upgrading and utilization: Current status and perspectives},
  author={Angelidaki, Irini and Treu, Laura and Tsapekos, Panagiotis and Luo, Gang and Campanaro, Stefano and Wenzel, Henrik and Kougias, Panagiotis G},
  journal={Biotechnology advances},
  volume={36},
  number={2},
  pages={452--466},
  year={2018},
  publisher={Elsevier}
}

@misc{Tynjala,
    author = {{Tynjala, T.}},
    title = {{Biological Methanation of Hydrogen: a Way to Increase Methane Yield in Biogas Plants. Lappeenranta University of Technology.}},
    year = "2015",
    howpublished = "\url{http://www.neocarbonenergy.fi/wp-content/uploads/2016/02/06_Tynjala.pdf}",
    note = "[Online; accessed 23-February-2019]"
  }
  
@article{vo2018techno,
  title={Techno-economic analysis of biogas upgrading via amine scrubber, carbon capture and ex-situ methanation},
  author={Vo, Truc TQ and Wall, David M and Ring, Denis and Rajendran, Karthik and Murphy, Jerry D},
  journal={Applied energy},
  volume={212},
  pages={1191--1202},
  year={2018},
  publisher={Elsevier}
}

@article{vrbova2017upgrading,
  title={Upgrading biogas to biomethane using membrane separation},
  author={Vrbov\'{a}, Veronika and Ciahotny\'{y}, Karel},
  journal={Energy \& Fuels},
  volume={31},
  number={9},
  pages={9393--9401},
  year={2017},
  publisher={ACS Publications}
}

@techreport{WorldEnergyCouncil2016,
    author = {{World Energy Council}},
    title = {{World energy resources 2016}},
    year = {2016},
    institution={World Energy Council}
  }
  
@techreport{Xiao2013,
    author = {{Xiao, G., Webley, P., Hoadley, A., Ho, M., Wiley, D.}},
    title = {{Low Cost Hybrid Capture Technology Development: Final Report. Ref No: 3-0510-0046.}},
    year = {2013},
    institution={Cooperative Research Centre for Greenhouse Gas Technologies. CO2CRC Publication, Canberra, Australia.}
  }

@article{xue2017comparative,
  title={A comparative study of MEA and DEA for post-combustion CO\textsubscript{2} capture with different process configurations},
  author={Xue, Boyang and Yu, Yanmei and Chen, Jian and Luo, Xiaobo and Wang, Meihong},
  journal={International Journal of Coal Science \& Technology},
  volume={4},
  number={1},
  pages={15--24},
  year={2017},
  publisher={Springer}
}

@article{zhang2013modeling,
  title={Modeling CO2 absorption and desorption by aqueous monoethanolamine solution with Aspen rate-based model},
  author={Zhang, Ying and Chen, Chau-Chyun},
  journal={Energy Procedia},
  volume={37},
  pages={1584--1596},
  year={2013},
  publisher={Elsevier}
}
